%%%%%%%%%%%%%%%%%%%%%%%%%%%%%%%%%%%%%%%%%%%%%%%%%%%%%%%%%%%%%%%%%%%%%%%%%%%%%%%%
%%%%%%%%%%%%%%%%%%%% INSERINDO COMENTÁRIOS EM ARQUIVOS .bib %%%%%%%%%%%%%%%%%%%%
%%%%%%%%%%%%%%%%%%%%%%%%%%%%%%%%%%%%%%%%%%%%%%%%%%%%%%%%%%%%%%%%%%%%%%%%%%%%%%%%
%
% 1. Como em outros arquivos LaTeX, comentários são iniciados por "%" e,
%    portanto, é preciso usar "\%" para imprimir o caractere "%". Esquecer
%    disso pode gerar erros difíceis de encontrar!
%
% 2. Não é possível inserir comentários dentro de uma entrada, apenas fora.
%
% 3. Não é possível incluir o caractere arroba em um comentário.
%
% 4. Se quiser desabilitar temporariamente um campo ("comentar" o campo),
%    troque seu nome para algum nome inválido, como "author-disable".
%    Se quiser fazer alguma observação permanente dentro de uma entrada,
%    você também pode usar algum nome de campo inválido, como "lembrete",
%    ou usar o campo "annotation", que normalmente é ignorado.
%
% 5. Se quiser desabilitar temporariamente uma entrada inteira ("comentar" a
%    entrada), não basta colocar "%" nas linhas correspondentes por causa do
%    caractere arroba; também é preciso remover a arroba.
%
% 6. Na verdade, as regras não são bem essas, mas segui-las é uma boa ideia:
%    https://tex.stackexchange.com/a/262282
%
% Por exemplo, esta entrada está comentada, ou seja, não tem efeito: se
% houvesse uma referência a ela no texto, a referência ficaria inválida.
% Observe que, para isso, o caractere arroba foi apagado!
%
%Book{JW82,
% author    = {Richard A. Johnson and Dean W. Wichern},
% title     = {Applied Multivariate Statistical Analysis},
% publisher = {Prentice-Hall},
% year      = {1983}
%}


%%%%%%%%%%%%%%%%%%%%%%%%%%%%%%%%%%%%%%%%%%%%%%%%%%%%%%%%%%%%%%%%%%%%%%%%%%%%%%%%
%%%%%%%%%%%%%%%%%%%%%%%%%%%%%%% O CAMPO "MONTH" %%%%%%%%%%%%%%%%%%%%%%%%%%%%%%%%
%%%%%%%%%%%%%%%%%%%%%%%%%%%%%%%%%%%%%%%%%%%%%%%%%%%%%%%%%%%%%%%%%%%%%%%%%%%%%%%%
%
% biblatex prefere o uso do campo "date" para definir ano, mês etc. No
% entanto, se você quiser garantir compatibilidade tanto com biblatex
% quanto com bibtex, use os campos "year" e "month". Ambos reconhecem
% diversos formatos para o campo "month", mas apenas um funciona
% corretamente com os dois: o nome do mês em inglês, abreviado com três
% letras minúsculas e sem chaves, ou seja:
%
% ...
% author = {Somebody},
% year = {2011},
% month = oct,
% title = {Some title},
% ...

@book{tinto:12,
  title={Leaving college: Rethinking the causes and cures of student attrition},
  author={Tinto, Vincent},
  year={2012},
  publisher={University of Chicago press}
}

@book{astin:97,
  title={What matters in college?},
  author={Astin, Alexander W and others},
  year={1997},
  publisher={JB}
}

@article{wakode2015overview,
  title={Overview on kanban methodology and its implementation},
  author={Wakode, Rajat B and Raut, Laukik P and Talmale, Pravin},
  journal={IJSRD-International Journal for Scientific Research \& Development},
  volume={3},
  number={02},
  pages={2321--0613},
  year={2015}
}

@misc{agileManifesto,
  title = {Agile Manifesto},
  howpublished = {\url{https://agilemanifesto.org}},
  year={2001},
  note = {Accessado em: 2023-11-08}
}

@article{cleanCode,
  title={Clean Code: A Handbook of Agile Software Craftsmanship.(2008)},
  author={Martin, Robert C},
  journal={Citado na (2008)},
  volume={19},
  year={2008}
}

@misc{Postman2023,
  author = {Postman},
  title = {Guide to API-first},
  howpublished = {\url{https://www.postman.com/}},
  year = {2023},
  note = {Accessed: 11/16/2023}
}

@misc{techtarget2023,
    author={Stephen Bigelow},
    title={10 prompt engineering tips and best practices},
    year={2023},
    url={https://www.techtarget.com/searchenterpriseai/tip/Prompt-engineering-tips-and-best-practices},
    note={Accessed: 11/23/2023}
}
